<?xml version="1.0" encoding="UTF-8"?>
<record xmlns="http://www.loc.gov/MARC21/slim" xmlns:xsi="http://www.w3.org/2001/XMLSchema-instance" xsi:schemaLocation="http://www.loc.gov/MARC21/slim http://www.loc.gov/standards/marcxml/schema/MARC21slim.xsd">
<leader>00000cam a22      i 4500</leader>
<controlfield tag="001">001677982</controlfield>
<controlfield tag="003">NNU</controlfield>
<controlfield tag="005">20150706173851.0</controlfield>
<controlfield tag="008">880809s1968    iq       b    000 0 arard</controlfield>
<datafield tag="010" ind1=" " ind2=" ">
<subfield code="a">   74228232</subfield>
</datafield>
<datafield tag="035" ind1=" " ind2=" ">
<subfield code="a">(OCoLC)18330673</subfield>
</datafield>
<datafield tag="040" ind1=" " ind2=" ">
<subfield code="a">WAU</subfield>
<subfield code="b">eng</subfield>
<subfield code="c">WAU</subfield>
<subfield code="d">OCLCG</subfield>
<subfield code="d">IUL</subfield>
<subfield code="d">OCLCQ</subfield>
<subfield code="d">OCLCA</subfield>
<subfield code="d">OCLCF</subfield>
<subfield code="d">OCLCQ</subfield>
<subfield code="d">NNU</subfield>
</datafield>
<datafield tag="050" ind1=" " ind2="4">
<subfield code="a">BP192.8</subfield>
<subfield code="b">.I24 1968</subfield>
</datafield>
<datafield tag="100" ind1="1" ind2=" ">
<subfield code="6">880-01</subfield>
<subfield code="a">Ibn Ṭabāṭabā, Ibrāhīm ibn Nāṣir,</subfield>
<subfield code="d">active 11th century.</subfield>
</datafield>
<datafield tag="245" ind1="1" ind2="0">
<subfield code="6">880-02</subfield>
<subfield code="a">Muntaqilat al-Ṭālibīyah /</subfield>
<subfield code="c">taʼlīf Abī Ismāʼīl Ibrāhīm ibn Nāṣir ibn Ṭabāṭabā, ḥaqqaqahu wa-qaddama lahu Muḥammad Mahdī al-Sayyid Ḥusayn al-Kharsān.</subfield>
</datafield>
<datafield tag="246" ind1="1" ind2="4">
<subfield code="a">Montacalat al-Talebieh</subfield>
</datafield>
<datafield tag="260" ind1=" " ind2=" ">
<subfield code="6">880-03</subfield>
<subfield code="a">al-Najaf :</subfield>
<subfield code="b">al-Maṭbaʻah al-Ḥaydarīyah,</subfield>
<subfield code="c">1968.</subfield>
</datafield>
<datafield tag="300" ind1=" " ind2=" ">
<subfield code="a">47, 424 pages</subfield>
</datafield>
<datafield tag="336" ind1=" " ind2=" ">
<subfield code="a">text</subfield>
<subfield code="b">txt</subfield>
<subfield code="2">rdacontent</subfield>
</datafield>
<datafield tag="337" ind1=" " ind2=" ">
<subfield code="a">unmediated</subfield>
<subfield code="b">n</subfield>
<subfield code="2">rdamedia</subfield>
</datafield>
<datafield tag="338" ind1=" " ind2=" ">
<subfield code="a">volume</subfield>
<subfield code="b">nc</subfield>
<subfield code="2">rdacarrier</subfield>
</datafield>
<datafield tag="504" ind1=" " ind2=" ">
<subfield code="a">Includes bibliographical references.</subfield>
</datafield>
<datafield tag="530" ind1=" " ind2=" ">
<subfield code="a">Also issued online.</subfield>
</datafield>
<datafield tag="650" ind1=" " ind2="0">
<subfield code="a">Alids.</subfield>
</datafield>
<datafield tag="650" ind1=" " ind2="7">
<subfield code="a">Alids.</subfield>
<subfield code="2">fast</subfield>
<subfield code="0">(OCoLC)fst00805047</subfield>
</datafield>
<datafield tag="700" ind1="1" ind2=" ">
<subfield code="6">880-04</subfield>
<subfield code="a">Kharsān, Ḥasan al-Mūsawī.</subfield>
</datafield>
<datafield tag="776" ind1="0" ind2="8">
<subfield code="i">Online version:</subfield>
<subfield code="a">Ibn Ṭabāṭabā, Ibrāhīm ibn Nāṣir, 11th cent.</subfield>
<subfield code="t">Muntaqilat al-Ṭālibīyah.</subfield>
<subfield code="d">al-Najaf : al-Maṭbaʻah al-Ḥaydarīyah, 1968</subfield>
<subfield code="w">(OCoLC)644587398</subfield>
</datafield>
<datafield tag="880" ind1="1" ind2=" ">
<subfield code="6">100-01/</subfield>
<subfield code="a">ابن طباطبا، إبراهيم بن ناصر،</subfield>
<subfield code="d">active 11th century.</subfield>
</datafield>
<datafield tag="880" ind1="1" ind2="0">
<subfield code="6">245-02/</subfield>
<subfield code="a">منتقلة الطالبية /</subfield>
<subfield code="c">تأليف أبي إسماعيل إبراهيم بن ناصر بن طباطبا ؛ حققه وقدم له محمد مهدي السيد حسين الخرسان.</subfield>
</datafield>
<datafield tag="880" ind1=" " ind2=" ">
<subfield code="6">260-03/</subfield>
<subfield code="a">النجف :</subfield>
<subfield code="b">المطبعة الحيدرية،</subfield>
<subfield code="c">1968.</subfield>
</datafield>
<datafield tag="880" ind1="1" ind2=" ">
<subfield code="6">700-04/</subfield>
<subfield code="a">خرسان، محمد مهدي.</subfield>
</datafield>
<datafield tag="OWN" ind1=" " ind2=" ">
<subfield code="a">GENERAL</subfield>
</datafield>
<datafield tag="AVA" ind1=" " ind2=" ">
<subfield code="a">NYU50</subfield>
<subfield code="b">BOBST</subfield>
<subfield code="c">Main Collection</subfield>
<subfield code="d">BP192.8 .I24</subfield>
<subfield code="e">unavailable</subfield>
<subfield code="t">Unavailable</subfield>
<subfield code="f">1</subfield>
<subfield code="g">1</subfield>
<subfield code="h">N</subfield>
<subfield code="i">0</subfield>
<subfield code="j">MAIN</subfield>
<subfield code="k">0</subfield>
</datafield>
</record>
